<?xml version="1.0" encoding="UTF-8"?><record xmlns="http://www.loc.gov/MARC21/slim" xmlns:cinclude="http://apache.org/cocoon/include/1.0" xmlns:zs="http://www.loc.gov/zing/srw/">
  <leader>00410nz  a2200121n  4500</leader>
  <controlfield tag="001">n  81063729 </controlfield>
  <controlfield tag="003">DLC</controlfield>
  <controlfield tag="005">19840322000000.0</controlfield>
  <controlfield tag="008">810625n| acannaab|          |n aaa |||  </controlfield>
  <datafield tag="010" ind1=" " ind2=" ">
    <subfield code="a">n  81063729 </subfield>
  </datafield>
  <datafield tag="040" ind1=" " ind2=" ">
    <subfield code="a">DLC</subfield>
    <subfield code="c">DLC</subfield>
  </datafield>
  <datafield tag="100" ind1="1" ind2="0">
    <subfield code="a">Porteous, Patrick Anthony,</subfield>
    <subfield code="d">1918- </subfield>
  </datafield>
  <datafield tag="670" ind1=" " ind2=" ">
    <subfield code="a">Elder, J.F. The last heroes, c1980 (subj.)</subfield>
    <subfield code="b">p. ix (Colonel Patrick Anthony Porteous) p. 143 (Patrick Porteous; b. 1918 in Abbotabad, India)</subfield>
  </datafield>
</record>